@article{Ababaei2021,
    author = "A. Ababaei and B. Rosa and J. Pozorski and L.-P. Wang",
    title = "On the effect of lubrication forces on the collision statistics of cloud droplets in homogeneous isotropic turbulence",
    year = "2021",
    journal = "Journal of Fluid Mechanics",
    volume = "918",
    eid = "A22"
}

@book{Allen1987,
    author = "M. P. Allen and T. J. Tildesley",
    title = "Computer Simulation of Liquids",
    year = "1987",
    publisher = "Oxford University Press"
}

@article{Arabas2013,
    author = "S. Arabas and S.-I. Shima",
    title = "Large-Eddy Simulations of Trade Wind Cumuli Using Particle-Based Microphysics with Monte Carlo Coalescence",
    year = "2013",
    journal = "Journal of the Atmospheric Sciences",
    volume = "70",
    issue = "9",
    pages = "2768--2777"
}

@article{Ayala2007,
    author = "O. Ayala and W. W. Grabowski and L.-P. Wang",
    title = "A hybrid approach for simulating turbulent collisions of hydrodynamically-interacting particles",
    year = "2007",
    journal = "Journal of Computational Physics",
    volume = "225",
    issue = "1",
    pages = "51--73"
}

@article{Ayala2008,
    author = "O. Ayala and B. Rosa and L.-P. Wang and W. W. Grabowski",
    title = "Effects of turbulence on the geometric collision rate of sedimenting droplets. Part 1. Results from direct numerical simulation",
    year = "2008",
    journal = "New Journal of Physics",
    volume = "10",
    eid = "075015"
}

@article{Ayala2013,
    author = "O. Ayala and L.-P. Wang",
    title = "Parallel implementation and scalability analysis of 3D Fast Fourier Transform using 2D domain decomposition",
    year = "2013",
    journal = "Parallel Computing",
    volume = "39",
    issue = "1",
    pages = "58--77"
}

@article{Ayala2014,
    author = "O. Ayala and H. Parishani and L. Chen and  B. Rosa and L.-P. Wang",
    title = "DNS of hydrodynamically interacting droplets in turbulent clouds: Parallel implementation and scalability analysis using 2D domain decomposition",
    year = "2014",
    journal = "Computer Physics Communication",
    volume = "185",
    pages = "3269--3290"
}

@article{Balachandar2009,
    author = "S. Balachandar",
    title = "A scaling analysis for point-particle approaches to turbulent multiphase flows",
    year = "2009",
    journal = "International Journal of Multiphase Flow",
    volume = "35",
    issue = "9",
    pages = "801--810"
}

@article{Balachandar2010,
    author = "S. Balachandar and J. K. Eaton",
    title = "Turbulent Dispersed Multiphase Flows",
    year = "2010",
    journal = "Annual Review of Fluid Mechanics",
    volume = "42",
    issue = "1",
    pages = "111--133"
}

@article{Bosse2006,
    author = "T. Bosse and L. Kleiser and E. Meiburg",
    title = "Small particles in homogeneous turbulence: Settling velocity enchancement by two-way coupling",
    year = "2006",
    journal = "Physics of Fluids",
    volume = "18",
    eid = "027102"
}

@incollection{Brauner2003,
    author = "N. Brauner",
    title = "Liquid-Liquid Two-Phase Flow Systems",
    year = "2003",
    editor = "V. Bertola",
    booktitle = "Modelling and Experimentation in Two-Phase Flow",
    publisher = "Springer--Verlag",
    address = "Wien",
    pages = "221--279"
}

@article{Buaria2019,
    author = "D. Buaria and A. Pumir and E. Bodenschatz and P. K. Yeung",
    title = "Extreme velocity gradients in turbulent flows",
    year = "2019",
    journal = "New Journal of Physics",
    volume = "21",
    eid = "043004"
}

@article{Buaria2020,
    author = "D. Buaria and E. Bodenschatz and A. Pumir",
    title = "Vortex stretching and enstrophy production in high Reynolds number turbulence",
    year = "2020",
    journal = "Physical Review Fluids",
    volume = "5",
    eid = "104602"
}

@article{Chollet1981,
    author = "J.-P. Chollet and M. Lesieur",
    title = "Parameterization of Small Scales of Three-Dimensional Isotropic Turbulence Utilizing Spectral Closures",
    year = "1981",
    journal = "Journal of the Atmospheric Sciences",
    volume = "38",
    issue = "12",
    pages = "2747--2757"
}

@book{Crowe2012,
    author = "C. T. Crowe and J. D. Schwarzkopf and M. Sommerfeld and Y. Tsuji",
    title = "Multiphase Flows with Droplets and Particles",
    year = "2012",
    publisher = "CRC Press",
    edition = "2nd ed."
}

@article{Devenish2012,
    author = "B. J. Devenish and P. Bartello and J.-L. Brenguier and L. R. Collins and W. W. Grabowski and R. H. A. Ijzermans and S. P. Malinowski and M. W. Reeks and J. C. Vassilicos and L.-P. Wang and Z. Warhaft",
    title = "Droplet growth in warm turbulent clouds",
    year = "2012",
    journal = "Quarterly Journal of the Royal Meteorological Society",
    volume = "138",
    issue = "667",
    pages = "1401--1429"
}

@article{Dmitruk2001,
    author = "P. Dmitruk and L.-P. Wang and W. H. Matthaeus and R. Zhang and D. Seckel",
    title = "Scalable parallel FFT for spectral simulations on a Beowulf cluster",
    year = "2001",
    journal = "Parallel Computing",
    volume = "27",
    pages = "1921--1936"
}

@online{Doms2021,
    author = "G. Doms and M. Baldauf",
    title = "A Description of the Nonhydrostatic Regional COSMO-Model. Part I: Dynamics and Numerics",
    year = "2021",
    url = "https://www.cosmo-model.org/content/model/documentation/core/default.htm",
    urldate = "2022-06-22"
}

@article{Elghobashi1993,
    author = "S. Elghobashi and G. C. Truesdell",
    title = "On the two-way interaction between homogeneous turbulence and dispersed solid particles. I: Turbulence modification",
    year = "1993",
    journal = "Physics of Fluids A: Fluid Dynamics",
    volume = "5",
    issue = "7",
    pages = "1790--1801"
}

@article{Elghobashi1994,
    author = "S. Elghobashi",
    title = "On Predicting Particle-Laden Turbulent Flows",
    year = "1994",
    journal = "Applied Scientific Research",
    volume = "52",
    pages = "309--329"
}

@article{Ernst2019,
    author = "M. Ernst and M. Sommerfeld and S. Lain",
    title = "Quantification of preferential concentration of colliding particles in a homogenous isotropic turbulent flow",
    year = "2019",
    journal = "International Journal of Multiphase Flow",
    volume = "117",
    pages = "163--181"
}

@article{Eswaran1988,
    author = "V. Eswaran and S. B. Pope",
    title = "An examination of forcing in direct numerical simulations of turbulence",
    year = "1988",
    journal = "Computers and Fluids",
    volume = "16",
    issue = "3",
    pages = "257--278"
}

@article{Fede2006,
    author = "P. Fede and O. Simonin",
    title = "Numerical study of the subgrid fluid turbulence effects on the statistics of heavy colliding particles",
    year = "2006",
    journal = "Physics of Fluids",
    volume = "18",
    issue = "4",
    eid = "045103"
}

@book{Ferziger2020,
    author = "J. H. Ferziger and M. Perić and R. L. Street",
    title = "Computational Methods for Fluid Dynamics",
    year = "2020",
    publisher = "Springer",
    edition = "4th ed."
}

@article{Garg2007,
    author = "R. Garg and C. Narayanan and D. Lakehal and S. Subramaniam",
    title = "Accurate numerical estimation of interphase momentum transfer in Lagrangian-Eulerian simulations of dispersed two-phase flows",
    year = "2007",
    journal = "International Journal of Multiphase Flow",
    volume = "33",
    issue = "12",
    pages = "1337--1364"
}

@article{Garg2009,
    author = "R. Garg and C. Narayanan and S. Subramaniam",
    title = "A numerically convergent Lagrangian-Eulerian simulation method for dispersed two-phase flows",
    year = "2009",
    journal = "International Journal of Multiphase Flow",
    volume = "35",
    pages = "376--388"
}

@article{Gore1989,
    author = "R. A. Gore and C. T. Crowe",
    title = "Effect of particle size on modulating turbulent intensity",
    year = "1989",
    journal = "International Journal of Multiphase Flow",
    volume = "15",
    issue = "2",
    pages = "279--285"
}

@article{Grabowski2013,
    author = "W. W. Grabowski and L.-P. Wang",
    title = "Growth of Cloud Droplets in a Turbulent Environment",
    year = "2013",
    journal = "Annual Review of Fluid Mechanics",
    volume = "45",
    issue = "1",
    pages = "293--324"
}

@article{Guichard2017,
    author = "F. Guichard and F. Couvreux",
    title = "A short review of numerical cloud-resolving models",
    year = "2017",
    journal = "Tellus A: Dynamic Meteorology and Oceanography",
    volume = "69",
    issue = "1",
    eid = "1373578"
}

@article{Horwitz2016,
    author = "J. A. K. Horwitz and A. Mani",
    title = "Accurate calculation of Stokes drag for point-particle tracking in two-way coupled flows",
    year = "2016",
    journal = "Journal of Computational Physics",
    volume = "318",
    pages = "85--109"
}

@article{Ireland2016,
    author = "P. J. Ireland and A. D. Bragg and L. R. Collins",
    title = "The effect of Reynolds number on inertial particle dynamics in isotropic turbulence. Part 2. Simulations with gravitational effects",
    year = "2016",
    journal = "Journal of Fluid Mechanics",
    volume = "796",
    pages = "659--711"
}

@article{Ireland2017,
    author = "P. J. Ireland and O. Desjardins",
    title = "Improving particle drag predictions in Euler-Lagrange simulations with two-way coupling",
    year = "2017",
    journal = "Journal of Computational Physics",
    volume = "338",
    pages = "405--430"
}

@article{Jin2010,
    author = "G. Jin and G.-W. He and L.-P. Wang",
    title = "Large-eddy simulation of turbulent collision of heavy particles in isotropic turbulence",
    year = "2010",
    journal = "Physics of Fluids",
    volume = "22",
    issue = "5",
    eid = "055106"
}

@article{Lain2020,
    author = "S. Lain and M. Ernst and M. Sommerfeld",
    title = "Study of Colliding Particle-Pair Velocity Correlation in Homogeneous Isotropic Turbulence",
    year = "2020",
    journal = "Applied Sciences",
    volume = "10",
    eid = "9095"
}

@article{Marchioli2008,
    author = "C. Marchioli and M. V. Salvetti and A. Soldati",
    title = "Some issues concerning large-eddy simulation of inertial particle dispersion in turbulent bounded flows",
    year = "2008",
    journal = "Physics of Fluids",
    volume = "20",
    issue = "4",
    eid = "040603"
}

@article{Matsuda2021,
    author = "K. Matsuda and K. Schneider and K. Yoshimatsu",
    title = "Scale-dependent statistics of inertial particle distribution in high Reynolds number turbulence",
    year = "2021",
    journal = "Physical Review Fluids",
    volume = "6",
    eid = "064304"
}

@article{Maxey1983,
    author = "M. R. Maxey and J. J. Riley",
    title = "Equation of motion for a small rigid sphere in nonuniform flow",
    year = "1983",
    journal = "Physics of Fluids",
    volume = "26",
    issue = "4",
    pages = "883--889"
}

@article{Monchaux2017,
    author = "R. Monchaux and A. Dejoan",
    title = "Settling velocity and preferential concentration of heavy particles under two-way coupling effects in homogeneous turbulence",
    year = "2017",
    journal = "Physical Review Fluids",
    volume = "2",
    eid = "104302"
}

@article{Morrison2020,
    author = "H. Morrison and M. van Lier-Walqui and A. M. Fridlind and W. W. Grabowski and J. Y. Harrington and C. Hoose and A. Korolev and M. R. Kumjian and J. A. Milbrandt and H. Pawłowska and D. J. Posselt and O. P. Prat and K. J. Reimel and S.‐I. Shima and B. van Diedenhoven and L. Xue",
    title = "Confronting the Challenge of Modeling Cloud and Precipitation Microphysics",
    year = "2020",
    journal = "Journal of Advances in Modeling Earth Systems",
    volume = "12",
    issue = "8",
    eid = "e2019MS001689"
}

@article{Onishi2013,
    author = "R. Onishi and K. Takahashi and J. C. Vassilicos",
    title = "An efficient parallel simulation of interacting inertial particles in homogeneous isotropic turbulence",
    year = "2013",
    journal = "Journal of Computational Physics",
    volume = "242",
    pages = "809--827"
}

@article{Orszag1972,
    author = "S. a. Orszag and G. S. Patterson",
    title = "Numerical Simulation of Three-Dimensionsl Homogeneous Isotropic Turbulence",
    year = "1972",
    journal = "Physical Review Letters",
    volume = "28",
    issue = "2",
    pages = "76--79"
}

@article{Parishani2015,
    author = "H. Parishani and O. Ayala and  B. Rosa and L.-P. Wang and W. W. Grabowski",
    title = "Effects of gravity on the acceleration and pair statistics of inertial particles in homogeneous isotropic turbulence",
    year = "2015",
    journal = "Physics of Fluids",
    volume = "27",
    eid = "033304"
}

@article{Peng2009,
    author = "Y. Peng and W. Liao and L.-S. Luo and L.-P. Wang",
    title = "A Comparative Study of the Lattice Boltzmann and Pseudo-Spectral Methods for Decaying Homogeneous Isotropic Turbulence",
    year = "2009",
    journal = "47th AIAA Aerospace Sciences Meeting",
    eid = "Paper 587"
}

@book{Pope2000,
    author = "S. B. Pope",
    title = "Turbulent Flows",
    year = "2000",
    publisher = "Cambridge university Press",
    address = "Cambridge"
}

@article{Pozorski2009,
    author = "J. Pozorski and S. V. Apte",
    title = "Filtered particle tracking in isotropic turbulence and stochastic modelling of subgrid-scale dispersion",
    year = "2009",
    journal = "International Journal of Multiphase Flow",
    volume = "35",
    pages = "118--128"
}

@book{Rogallo1981,
    author = "R. S. Rogallo",
    title = "Numerical Experiments in Homogeneous Turbulence",
    year = "1981",
    publisher = "NASA TM-81315"
}

@article{Rosa2011,
    author = "B. Rosa and H. Parishani and O. Ayala and L.-P. Wang and W. W. Grabowski",
    title = "Kinematic and dynamic pair collision statistics of sedimenting inertial particles relevant to warm rain initiation",
    year = "2011",
    journal = "Journal of Physics: Conference Series",
    volume = "318",
    issue = "7",
    eid = "072016"
}

@article{Rosa2013,
    author = "B. Rosa and H. Parishani and O. Ayala and W. W. Grabowski and L.-P. Wang",
    title = "Kinematic and dynamic collision statistics of cloud droplets from high-resolution simulations",
    year = "2013",
    journal = "New Journal of Physics",
    volume = "15",
    eid = "045032"
}

@article{Rosa2015,
    author = "B. Rosa and H. Parishani and O. Ayala and L.-P. Wang",
    title = "Effects of forcing time scale on the simulated turbulent flows and turbulent collision statistics of inertial particles",
    year = "2015",
    journal = "Physics of Fluids",
    volume = "27",
    eid = "015105"
}

@article{Rosa2016,
    author = "B. Rosa and H. Parishani and O. Ayala and L.-P. Wang",
    title = "Settling velocity of small inertial particles in homogeneous isotropic turbulence from high-resolution DNS",
    year = "2016",
    journal = "International Journal of Multiphase Flow",
    volume = "83",
    pages = "217--231"
}

@article{Rosa2017,
    author = "B. Rosa and J. Pozorski",
    title = "Impact of subgrid fluid turbulence on inertial particles subject to gravity",
    year = "2017",
    journal = "Journal of Turbulence",
    volume = "18",
    issue = "7",
    pages = "634--652"
}

@article{Rosa2020,
    author = "B. Rosa and J. Pozorski and L.-P. Wang",
    title = "Effects of turbulence modulation and gravity on particle collision statistics",
    year = "2020",
    journal = "International Journal of Multiphase Flow",
    volume = "129",
    eid = "103334"
}

@article{Rosa2022,
    author = "B. Rosa and S. Kopeć and A. Ababaei and J. Pozorski",
    title = "Collision statistics and settling velocity of inertial particles in homogeneous turbulence from high-resolution DNS under two-way momentum coupling",
    year = "2022",
    journal = "International Journal of Multiphase Flow",
    volume = "148",
    eid = "103906"
}

@article{Shen2021,
    author = "J. Shen and L.-P. Wang and C. Peng",
    title = "Influence of particle-fluid density ratio on the dynamics of finite-size particles in homogeneous isotropic turbulent flows",
    year = "2021",
    journal = "Physics Review E",
    volume = "104",
    eid = "025109"
}

@article{Squires1990,
    author = "K. D. Squires and J. K. Eaton",
    title = "Particle response and turbulence modification in isotropic turbulence",
    year = "1990",
    journal = "Physics of Fluids A: Fluid Dynamics",
    volume = "2",
    issue = "7",
    pages = "1191--1203"
}

@article{Sullivan1994,
    author = "N. P. Sullivan and S. Mahalingam and R. M. Kerr",
    title = "Deterministic forcing of homogeneous, isotropic turbulence",
    year = "1994",
    journal = "Physics of Fluids",
    volume = "6",
    eid = "1612"
}

@article{Sundaram1997,
    author = "S. Sundaram and L. R. Collins",
    title = "Collision statistics in an isotropic particle-laden turbulent suspension. Part 1. Direct numerical simulations",
    year = "1997",
    journal = "Journal of Fluid Mechanics",
    volume = "335",
    pages = "75--109"
}

@article{Tom2019,
    author = "J. Tom and A. D. Bragg",
    title = "Multiscale preferential sweeping of particles settling in turbulence",
    year = "2019",
    journal = "Journal of Fluid Mechanics",
    volume = "871",
    pages = "244--270"
}

@article{Wang1993,
    author = "L.-P. Wang and M. R. Maxey",
    title = "Settling velocity and concentration distribution of heavy particles in homogeneous isotropic turbulence",
    year = "1993",
    journal = "Journal of Fluid Mechanics",
    volume = "256",
    pages = "27--68"
}

@article{Wang2000,
    author = "L.-P. Wang and A. S. Wexler and Y. Zhou",
    title = "Statistical mechanical description and modelling of turbulent collision of inertial particles",
    year = "2000",
    journal = "Journal of Fluid Mechanics",
    volume = "415",
    pages = "117--153"
}

@article{Wang2008,
    author = "L.-P. Wang and O. Ayala and B. Rosa and W. W. Grabowski",
    title = "Turbulent collision efficiency of heavy particles relevant to cloud droplets",
    year = "2008",
    journal = "New Journal of Physics",
    volume = "10",
    eid = "075013"
}

@article{Wang2009,
    author = "L.-P. Wang and B. Rosa and H. Gao and G. He and G. Jin",
    title = "Turbulent collision of inertial particles: Point-particle based, hybrid simulations and beyond",
    year = "2009",
    journal = "International Journal of Multiphase Flow",
    volume = "35",
    pages = "854--867"
}

@article{Yang1998,
    author = "C. Y. Yang and U. Lei",
    title = "The role of the turbulent scales in the settling velocity of heavy particles in homogeneous isotropic turbulence",
    year = "1998",
    journal = "Journal of Fluid Mechanics",
    volume = "371",
    pages = "179--205"
}

@article{Yang2008,
    author = "Y. Yang and G.-W. He and L.-P. Wang",
    title = "Effects of subgrid scale modelling on Lagrangian statistics in lagre-eddy simulation",
    year = "2008",
    journal = "Journal of Turbulence",
    volume = "9",
    issue = "8",
    pages = "1--24"
}
@article{Yavuz2018,
    author = "M. A. Yavuz and R. P. J. Kunnen and G. J. F. van Heijst and H. J. H. Clercx",
    title = "Extreme Small-Scale Clustering of Droplets in Turbulence Driven by Hydrodynamic Interactions",
    year = "2018",
    journal = "Physical Review Letters",
    volume = "120",
    issue = "24",
    pages = "179--205"
}

@article{Zheng2020,
    author = "J. Zheng and P. Liu and Z. Shen",
    title = "Simulation of Turbulent Combustion in a Large Pulverized Coal Boiler Based on Turbulent Radiation Interaction and the Modified Soot Model",
    year = "2020",
    journal = "ACS OMEGA",
    volume = "5",
    pages = "23822--35"
}

@article{Zhou2001,
    author = "Y. Zhou and A. S. Wexler and L.-P. Wang",
    title = "Modelling turbulent collisions of bidisperse inertial particles",
    year = "2001",
    journal = "Journal of Fluid Mechanics",
    volume = "433",
    pages = "77--104"
}
